% Encoding: UTF-8

@article{provost2013data,
  title={Data science and its relationship to big data and data-driven decision making},
  author={Provost, Foster and Fawcett, Tom},
  journal={Big Data},
  volume={1},
  number={1},
  pages={51--59},
  year={2013},
  publisher={Mary Ann Liebert, Inc. 140 Huguenot Street, 3rd Floor New Rochelle, NY 10801 USA}
}

@article{purcell2013emergence,
  title={The emergence of" big data" technology and analytics},
  author={Purcell, Bernice},
  journal={Journal of technology research},
  volume={4},
  pages={1},
  year={2013},
  publisher={Academic and Business Research Institute (AABRI)}
}

@article{kshetri2014big,
  title={Big data×³ s impact on privacy, security and consumer welfare},
  author={Kshetri, Nir},
  journal={Telecommunications Policy},
  volume={38},
  number={11},
  pages={1134--1145},
  year={2014},
  publisher={Elsevier}
}

@article{kitchin2016makes,
  title={What makes Big Data, Big Data? Exploring the ontological characteristics of 26 datasets},
  author={Kitchin, Rob and McArdle, Gavin},
  journal={Big Data \& Society},
  volume={3},
  number={1},
  pages={2053951716631130},
  year={2016},
  publisher={SAGE Publications Sage UK: London, England}
}

@article{thayananthan2015big,
  title={Big data security issues based on quantum cryptography and privacy with authentication for mobile data center},
  author={Thayananthan, Vijey and Albeshri, Aiiad},
  journal={Procedia Computer Science},
  volume={50},
  pages={149--156},
  year={2015},
  publisher={Elsevier}
}

@article{rehmanqualitative,
  title={A qualitative study of the challenges faced by organizations in Big Data Implementation},
  author={Rehman, Saif UR and Qingren, CAO}
}

@article{hamlin2016cryptography,
  title={Cryptography for big data security},
  author={Hamlin, Ariel and Schear, Nabil and Shen, Emily and Varia, Mayank and Yakoubov, Sophia and Yerukhimovich, Arkady},
  journal={Big Data: Storage, Sharing, and Security (3S)},
  pages={241--288},
  year={2016}
}

@article{abouelmehdi201773,
title = "Big data security and privacy in healthcare: A Review",
journal = "Procedia Computer Science",
volume = "113",
number = "Supplement C",
pages = "73 - 80",
year = "2017",
note = "The 8th International Conference on Emerging Ubiquitous Systems and Pervasive Networks (EUSPN 2017) / The 7th International Conference on Current and Future Trends of Information and Communication Technologies in Healthcare (ICTH-2017) / Affiliated Workshops",
issn = "1877-0509",
doi = "https://doi.org/10.1016/j.procs.2017.08.292",
url = "http://www.sciencedirect.com/science/article/pii/S1877050917317015",
author = "Karim Abouelmehdi and Abderrahim Beni-Hssane and Hayat Khaloufi and Mostafa Saadi",
keywords = "Big Data, Privacy, security, Big data in healthcare, privacy preserving"
}

@Comment{jabref-meta: databaseType:bibtex;}
